<record><leader>00000cas a22000007a 4500</leader><controlfield tag="001">26574288</controlfield><controlfield tag="008">920910d19uu19uucauwr ne      0    0eng d</controlfield><datafield ind1=" " ind2=" " tag="010"><subfield code="a">sn 92069432 </subfield></datafield><datafield ind1=" " ind2=" " tag="040"><subfield code="a">CUY</subfield><subfield code="b">eng</subfield><subfield code="c">CNK</subfield><subfield code="d">OCLCQ</subfield></datafield><datafield ind1=" " ind2=" " tag="042"><subfield code="a">msc</subfield></datafield><datafield ind1="0" ind2="4" tag="245"><subfield code="a">The Arbuckle planter.</subfield></datafield><datafield ind1=" " ind2=" " tag="260"><subfield code="a">Arbuckle, Calif. :</subfield><subfield code="b">J.P. Hall</subfield></datafield><datafield ind1=" " ind2=" " tag="300"><subfield code="a">v.</subfield></datafield><datafield ind1="1" ind2=" " tag="362"><subfield code="a">Ceased in 1909?</subfield></datafield><datafield ind1=" " ind2=" " tag="588"><subfield code="a">Description based on: Vol. 5, no. 30 (Sept. 25, 1909).</subfield></datafield><datafield ind1=" " ind2="4" tag="651"><subfield code="a">Colusa County (Calif.)</subfield><subfield code="v">Newspapers.</subfield></datafield><datafield ind1=" " ind2=" " tag="752"><subfield code="a">United States</subfield><subfield code="b">California</subfield><subfield code="c">Colusa</subfield><subfield code="d">Arbuckle.</subfield></datafield><datafield ind1="0" ind2="0" tag="785"><subfield code="t">Arbuckle American</subfield><subfield code="w">(DLC)sn 92069430</subfield></datafield><datafield ind1="1" ind2=" " tag="029"><subfield code="a">AU@</subfield><subfield code="b">000020735969</subfield></datafield></record>